<record><leader>00000cas a2200000 a 4500</leader><controlfield tag="001">11724104</controlfield><controlfield tag="008">850222d186u187uwiuwr ne      0    0eng c</controlfield><datafield ind1=" " ind2=" " tag="010"><subfield code="a">sn 85033188 </subfield></datafield><datafield ind1=" " ind2=" " tag="040"><subfield code="a">NPU</subfield><subfield code="b">eng</subfield><subfield code="c">NPU</subfield><subfield code="d">NPV</subfield><subfield code="d">NPX</subfield><subfield code="d">NVF</subfield><subfield code="d">CUI</subfield><subfield code="d">OCLCQ</subfield><subfield code="d">OCLCF</subfield><subfield code="d">AQM</subfield></datafield><datafield ind1=" " ind2=" " tag="042"><subfield code="a">pcc</subfield></datafield><datafield ind1=" " ind2=" " tag="043"><subfield code="a">n-us-wi</subfield></datafield><datafield ind1=" " ind2="4" tag="050"><subfield code="a">AN</subfield></datafield><datafield ind1="0" ind2=" " tag="130"><subfield code="a">Weekly Milwaukee news (Milwaukee, Wis. : 1862)</subfield></datafield><datafield ind1="1" ind2="4" tag="245"><subfield code="a">The Weekly Milwaukee news.</subfield></datafield><datafield ind1="3" ind2="0" tag="246"><subfield code="a">Milwaukee news</subfield></datafield><datafield ind1="3" ind2="0" tag="246"><subfield code="a">Weekly news</subfield></datafield><datafield ind1=" " ind2=" " tag="260"><subfield code="a">Milwaukee, Wis. :</subfield><subfield code="b">Sharpstein &amp; Lathrop</subfield></datafield><datafield ind1=" " ind2=" " tag="300"><subfield code="a">v. ;</subfield><subfield code="c">71 cm.</subfield></datafield><datafield ind1=" " ind2=" " tag="310"><subfield code="a">Weekly</subfield></datafield><datafield ind1=" " ind2=" " tag="500"><subfield code="a">Publisher varies.</subfield></datafield><datafield ind1=" " ind2=" " tag="580"><subfield code="a">Other ed.: Daily Milwaukee news (Milwaukee, Wis. : 1861), &lt;1862-1873&gt;.</subfield></datafield><datafield ind1=" " ind2=" " tag="580"><subfield code="a">Other ed.: Semi=weekly Milwaukee news, &lt;1866-1873&gt;.</subfield></datafield><datafield ind1=" " ind2=" " tag="588"><subfield code="a">Description based on: Vol. 14, no. 48 (Sept. 2, 1862).</subfield></datafield><datafield ind1=" " ind2="0" tag="651"><subfield code="a">Milwaukee (Wis.)</subfield><subfield code="v">Newspapers.</subfield></datafield><datafield ind1=" " ind2="0" tag="651"><subfield code="a">Milwaukee County (Wis.)</subfield><subfield code="v">Newspapers.</subfield></datafield><datafield ind1=" " ind2="7" tag="651"><subfield code="a">Wisconsin</subfield><subfield code="z">Milwaukee.</subfield><subfield code="2">fast</subfield><subfield code="0">(OCoLC)fst01206626</subfield></datafield><datafield ind1=" " ind2="7" tag="651"><subfield code="a">Wisconsin</subfield><subfield code="z">Milwaukee County.</subfield><subfield code="2">fast</subfield><subfield code="0">(OCoLC)fst01202910</subfield></datafield><datafield ind1=" " ind2="7" tag="655"><subfield code="a">Newspapers.</subfield><subfield code="2">fast</subfield><subfield code="0">(OCoLC)fst01423814</subfield></datafield><datafield ind1=" " ind2="7" tag="655"><subfield code="a">Newspapers.</subfield><subfield code="2">rbgenr</subfield></datafield><datafield ind1=" " ind2=" " tag="752"><subfield code="a">United States</subfield><subfield code="b">Wisconsin</subfield><subfield code="c">Milwaukee</subfield><subfield code="d">Milwaukee.</subfield></datafield><datafield ind1="1" ind2=" " tag="775"><subfield code="t">Daily Milwaukee news (Milwaukee, Wis. : 1861)</subfield><subfield code="w">(DLC)sn 85033186</subfield><subfield code="w">(OCoLC)11724139</subfield></datafield><datafield ind1="1" ind2=" " tag="775"><subfield code="t">Semi=weekly Milwaukee news</subfield><subfield code="w">(DLC)sn 85033187</subfield><subfield code="w">(OCoLC)11724178</subfield></datafield><datafield ind1="0" ind2="8" tag="776"><subfield code="i">Online version:</subfield><subfield code="t">Weekly Milwaukee news (Milwaukee, Wis. : 1862 : Online)</subfield><subfield code="w">(OCoLC)655432388</subfield></datafield><datafield ind1="0" ind2="0" tag="780"><subfield code="t">Milwaukee press and news</subfield><subfield code="w">(DLC)sn 93057090</subfield><subfield code="w">(OCoLC)28225704</subfield></datafield><datafield ind1="0" ind2="0" tag="785"><subfield code="t">Milwaukee weekly news (Milwaukee, Wis. : 1876)</subfield><subfield code="w">(DLC)sn 87052273</subfield><subfield code="w">(OCoLC)15254171</subfield></datafield></record>